
@misc{natfun05,
  author       = {F. Noah.},
  howpublished = {Available at \url{https://www.gamasutra.com/view/feature/130573/ natural funativity.php?page=1}},
  title        = {Natural funativity},
  year         = {2005},
  note         = {[Online; accessed 08-Aug-2021]}
}

@book{maslow15,
  author    = {Abraham H. Maslow},
  publisher = {ALL-ABOUT-PSYCHOLOGY},
  title     = {Hierarchy of Needs: A Theory of Human Motivation},
  year      = {2011}
}

@misc{mda04,
  author       = {R. Hunicke, M. Leblanc, and R. Zubek},
  howpublished = {in AAAI Workshop - Technical Report},
  title        = {MDA: A formal approach to game design and game research},
  year         = {2004}
}

@book{addie1,
  author    = {J. Jeuring, R. van Rooij, and N. Pronost},
  title     = {The 5/10 method: A method for designing educational games, Lecture Notes in Computer Science (including subseries Lecture Notes in Artificial Intelligence and Lecture Notes in Bioinformatics)},
  publisher = {Wiley},
  year      = 2014,
  note      = {pp.364–369}
}

@book{addie2,
  author = {S. Subiyanto},
  title  = {Effects of the digital game-based learning (dgbl) on students academic performance in arabic learning at sambas purbalingga, KARSA: Journal of Social and Islamic Culture},
  volume = {26, 7},
  year   = {2018}
}

@misc{bloom,
  author       = {Patricia Armstrong},
  howpublished = {Available at \url{https://cft.vanderbilt.edu/guides-sub-pages/blooms-taxonomy}},
  title        = {Bloom Taxonomy},
  year         = {2015},
  note         = {[Online; accessed 21-Nov-2021]}
}

@book{obe,
  author    = {R. Nakkeeran, R. Babu, R. Manimaran, and P. Gnanasivam},
  title     = {Importance of outcome based education (obe) to advance educational quality and enhance global mobility, International Journal of Pure and Applied Mathematics},
  year      = {2018},
  note      = {vol. 119, no. 17, pp. 1483–1492}
}

@book{pdca10,
  author    = {R. Nakkeeran, R. Babu, R. Manimaran, and P. Gnanasivam},
  title     = {PDCA cycle, Deming PDCA cycle A Clear and Concise Reference},
  year      = {2018}
}

@misc{bkknews19,
  howpublished = {Available at \url{https://www.bangkokbiznews.com/news/detail/852235}},
  title        = {ตลาดเกมไทย โตต่อเนื่อง 2.2 หมื่นลบ. แนะดันส่งออกอุตฯ สร้างสรรค์ ลดการนำเข้า},
  year         = {2019},
  note         = {[Online; accessed 21-Nov-2021]}
}

@inproceedings{bao03,
  author    = {L. Bao and J.J. Garcia-Luan-Aceves},
  title     = {Topology Management in Ad Hoc Networks},
  booktitle = mobihoc03,
  address   = mobihoc03_adr,
  pages     = {129--140},
  year      = {2003},
  month     = jun,
  pdf       = {bao03.pdf}
}

@misc{bworld,
  author       = {Ingo Lütkebohle},
  title        = {{BWorld Robot Control Software \textthai{ทดสอบ}}},
  howpublished = {Available at \url{http://aiweb.techfak.uni-bielefeld.de/content/bworld-robot-control-software/}},
  year         = {2008},
  note         = {[Online; accessed 19-July-2008]}
}

@misc{hypersense,
  author       = {Hypersense},
  title        = {{Is the virtual celebrity industry still on the rise in 2020?}},
  howpublished = {Available at \url{https://arvrjourney.com/is-the-virtual-celebrity-industry-still-on-the-rise-in-2020-60cfd2b2c315}},
  year         = {2020},
  note         = {[Online; accessed 26-August-2020]}
}

@inproceedings{barowski05,
  author    = {Y. Barowski and S. Biaz and P. Agrawal},
  title     = {Towards the Performance Analysis of IEEE 802.11 in
               Multi-hop Ad-Hoc Networks},
  booktitle = {Proc. IEEE WCNC'05},
  pages     = {100--106},
  year      = 2005,
  month     = mar
}

@article{bettstetter03,
  author  = {C. Bettstetter and G. Resta and P. Santi},
  title   = {The Node Distribution of the Random Waypoint
             Mobility Model for Wireless Ad Hoc Networks},
  journal = {IEEE Trans. Mobile Computing},
  volume  = 2,
  number  = 3,
  month   = {Jul--Sep},
  pages   = {257--269},
  year    = 2003
}

@article{bianchi00,
  author  = {G. Bianchi},
  title   = {Performance Analysis of the IEEE 802.11 Distributed
             Coordination Function},
  journal = jsac,
  year    = 2000,
  volume  = 13,
  number  = 3,
  pages   = {535--548},
  month   = mar
}

@article{gupta98,
  author  = {P. Gupta and P.R. Kumar},
  title   = {Critical Power for Asymptotic Connectivity in
             Wireless Networks},
  journal = {Stochastic Analysis, Control, Optimization and Applications},
  year    = 1998,
  pages   = {547--566}
}

@article{hon02,
  author  = {H. Honkasalo and K. Pehkonen and M.T. Niemi and A.T. Leino},
  title   = {WCDMA and WLAN for 3G and Beyond},
  journal = wcommag,
  year    = {2002},
  pages   = {14--18},
  month   = apr
}


@book{santi05b,
  author    = {P. Santi},
  title     = {Topology Control in Wireless Ad Hoc and Sensor Networks},
  publisher = {Wiley},
  year      = 2005,
  note      = {p.133}
}


@article{shen04,
  author  = {C.-C. Shen and C. Srisathapornphat and R. Lui and Z. Huang and C. Jaikaeo and E.L. Lloyd},
  title   = {CLTC: A Cluster-Based Topology Control Framework for Ad Hoc Network},
  journal = tomp,
  year    = {2004},
  volume  = {3},
  number  = {1},
  pages   = {18--32},
  month   = {Jan--Mar}
}

@article{norros95,
  author  = {I. Norros},
  title   = {On the use of Fractional Brownian Motion in the
             Theory of Connectionless Networks},
  journal = jsac,
  year    = 1995,
  volume  = 13,
  number  = 6,
  pages   = {953--962},
  month   = aug
}

@inproceedings{eun01,
  author    = {D.Y. Eun and N.B. Shroff},
  title     = {A Measurement-Analytic Framework for QoS Estimation
               Based on the Dominant Time Scale},
  booktitle = infocom01,
  year      = 2001,
  address   = infocom01_adr,
  month     = apr
}

@article{kim01,
  author  = {H.S. Kim and N.B. Shroff},
  title   = {Loss Probability Calculations and Asymptotic
             Analysis for Finite Buffer Multiplexers},
  journal = ton,
  year    = 2001,
  volume  = 9,
  number  = 6,
  pages   = {755--768},
  month   = dec
}

@inproceedings{singh02,
  author    = {J.P. Singh and N. Bambos and B. Srinivasan and D. Clawin},
  title     = {Wireless LAN Performance under Varied Stress Conditions in Vehicular Traffic Scenarios},
  booktitle = {Proc. IEEE Vehicular Technology Conference},
  year      = {2002}
}

@inproceedings{subramanian00,
  author    = {L. Subramanian and R.H. Katz},
  title     = {An Architecture for Building Self-Configurable Systems},
  booktitle = mobihoc00,
  year      = {2000},
  address   = {Boston, USA},
  month     = aug
}

@article{takagi84,
  author  = {H. Takagi and L. Kleinrock},
  title   = {Optimal Transmission Ranges for Randomly Distributed Packet Radio Terminals},
  journal = toc,
  year    = {1984},
  volume  = {COM-32},
  number  = {3},
  pages   = {246--257},
  month   = mar
}

@article{yu04,
  author  = {C. Yu and K.G. Shin and B. Lee},
  title   = {Power-Stepped Protocol: Enhancing Spatial Utilization in a Clustered Mobile Ad Hoc Network},
  journal = jsac,
  year    = {2004},
  volume  = {22},
  number  = {7},
  pages   = {1322--1334},
  month   = sep
}

